<?xml version="1.0" encoding="UTF-8"?><collection xmlns="http://www.loc.gov/MARC21/slim"><record><leader>00324nam--2200121-i-4500</leader><controlfield tag="001">000006166</controlfield><controlfield tag="002">20161230</controlfield><controlfield tag="005">20161230201026</controlfield><controlfield tag="008">060222s1000------------r-----000-0-eng-d</controlfield><datafield ind1=" " ind2=" " tag="245"><subfield code="a">Introduction to electron beam technology</subfield></datafield><datafield ind1=" " ind2=" " tag="260"><subfield code="a">London, John Wiley And Sons, Inc. 1962. Xi+452 P</subfield></datafield><datafield ind1=" " ind2=" " tag="700"><subfield code="a">Bakish, Robert</subfield></datafield><datafield ind1=" " ind2=" " tag="852"><subfield code="a">18290</subfield></datafield></record></collection>